<?xml version="1.0" encoding="UTF-8"?><collection xmlns="http://www.loc.gov/MARC21/slim"><record><leader>00422nam--2200145-i-4500</leader><controlfield tag="001">000014436</controlfield><controlfield tag="002">20161230</controlfield><controlfield tag="005">20161230201030</controlfield><controlfield tag="008">060222s1000------------r-----000-0-eng-d</controlfield><datafield ind1=" " ind2=" " tag="080"><subfield code="a">517.982 (043)</subfield></datafield><datafield ind1="1" ind2=" " tag="100"><subfield code="a">Auterhohh, Jurgen</subfield></datafield><datafield ind1="1" ind2="0" tag="245"><subfield code="a">Interpolationseigenschaften der spektrums linearer operatoren</subfield></datafield><datafield ind1=" " ind2=" " tag="260"><subfield code="a">Tubingen, Eberhard Karls Universitat, 1982 70 P</subfield></datafield><datafield ind1=" " ind2=" " tag="852"><subfield code="a">71021</subfield><subfield code="c">517.9</subfield></datafield><datafield ind1=" " ind2=" " tag="CAT"><subfield code="a">Sys</subfield><subfield code="c">20090413</subfield><subfield code="h">121219</subfield></datafield></record></collection>